@article{januvsauskas2009vsiuolaikiniai,
  title={{\v{S}}iuolaikiniai migracijos procesai ir j{\k{u}} {\k{i}}taka Lietuvos darbo rinkai},
  author={Janu{\v{s}}auskas, Antanas and Nedzinskas, Egidijus and Uleckas, Arvydas and Vep{\v{s}}ta, Povilas},
  journal={Journal of Management},
  volume={2},
  number={14},
  pages={19--25},
  year={2009}
}

@article{bervzinskiene2010migracijos,
  title={Migracijos {\k{i}}taka darbo rinkai},
  author={Ber{\v{z}}inskien{\.e}, Daiva and Reizgevi{\v{c}}ien{\.e}, Rasa and Reizgevi{\v{c}}ius, Marius},
  journal={Ekonomika ir vadyba: aktualijos ir perspektyvos},
  number={2},
  pages={5--17},
  year={2010}
}

@article{stulgiene2009migracijos,
  title={Migracijos poveikis darbo j{\.e}gos rinkos pusiausvyrai},
  author={Stulgien{\.e}, Asta and Daunorien{\.e}, Asta},
  journal={Ekonomika ir vadyba},
  number={14},
  pages={984--992},
  year={2009}
}

@article{damuliene2013migracijos,
  title={Migracijos problema Lietuvoje ir jos {\k{i}}taka {\v{s}}alies ekonomikai},
  author={Damulien{\.e}, Aldona and others},
  journal={Business Systems \& Economics},
  number={1},
  pages={106--118},
  year={2013},
  publisher={Mykolas Romeris University}
}

@article{junevivcius2002laisvas,
  title={Laisvas darbo j{\.e}gos jud{\.e}jimas: pasekm{\.e}s ir poveikis Europos S{\k{a}}jungai bei Lietuvai},
  author={Junevi{\v{c}}ius, Algis},
  journal={Socialiniai mokslai},
  number={1},
  pages={85--90},
  year={2002}
}

@article{matiuvsaityte2003darbo,
  title={Darbo j{\.e}gos migracija Europos s{\k{a}}jungoje ir Lietuvoje},
  author={Matiu{\v{s}}aityt{\.e}, Raimund{\.e}},
  journal={Ekonomika},
  volume={63},
  pages={41--48},
  year={2003}
}